<?xml version="1.0" encoding="UTF-8"?><record xmlns="http://www.loc.gov/MARC21/slim" xmlns:cinclude="http://apache.org/cocoon/include/1.0" xmlns:zs="http://www.loc.gov/zing/srw/">
  <leader>00437cz  a2200121n  4500</leader>
  <controlfield tag="001">n 2005043729</controlfield>
  <controlfield tag="003">DLC</controlfield>
  <controlfield tag="005">20050615092153.0</controlfield>
  <controlfield tag="008">050614n| acannaabn          |n ana      </controlfield>
  <datafield tag="010" ind1=" " ind2=" ">
    <subfield code="a">n 2005043729</subfield>
  </datafield>
  <datafield tag="040" ind1=" " ind2=" ">
    <subfield code="a">DLC</subfield>
    <subfield code="b">eng</subfield>
    <subfield code="c">DLC</subfield>
  </datafield>
  <datafield tag="130" ind1=" " ind2="0">
    <subfield code="a">Cartoville Naples.</subfield>
    <subfield code="l">English</subfield>
  </datafield>
  <datafield tag="670" ind1=" " ind2=" ">
    <subfield code="a">Cartoville Naples. English. Naples, c2005:</subfield>
    <subfield code="b">t.p. (Naples : the city in section-by-section maps. New York : A.A. Knopf) / [translated from the French by Matthew Clarke])</subfield>
  </datafield>
</record>